@Manual{R-base,
  title = {R: A Language and Environment for Statistical Computing},
  author = {{R Core Team}},
  organization = {R Foundation for Statistical Computing},
  address = {Vienna, Austria},
  year = {2018},
  url = {https://www.R-project.org/},
}
@Manual{R-papaja,
  author = {Frederik Aust and Marius Barth},
  title = {{papaja}: {Create} {APA} manuscripts with {R Markdown}},
  year = {2018},
  note = {R package version 0.1.0.9842},
  url = {https://github.com/crsh/papaja},
}
@Manual{R-bindrcpp,
  title = {bindrcpp: An 'Rcpp' Interface to Active Bindings},
  author = {Kirill Müller},
  year = {2018},
  note = {R package version 0.2.2},
  url = {https://CRAN.R-project.org/package=bindrcpp},
}
@Manual{R-dplyr,
  title = {dplyr: A Grammar of Data Manipulation},
  author = {Hadley Wickham and Romain François and Lionel Henry and Kirill Müller},
  year = {2018},
  note = {R package version 0.7.6},
  url = {https://CRAN.R-project.org/package=dplyr},
}
@Manual{R-langcog,
  title = {langcog: Language and Cognition Lab Things},
  author = {Mika Braginsky and Dan Yurovsky and Michael Frank},
  note = {R package version 0.1.9001},
  url = {http://github.com/langcog/langcog},
}
@Article{R-lme4,
  title = {Fitting Linear Mixed-Effects Models Using {lme4}},
  author = {Douglas Bates and Martin Maechler and Ben Bolker and Steve Walker},
  journal = {Journal of Statistical Software},
  year = {2015},
  volume = {67},
  number = {1},
  pages = {1--48},
  doi = {10.18637/jss.v067.i01},
}
@Manual{R-Matrix,
  title = {Matrix: Sparse and Dense Matrix Classes and Methods},
  author = {Douglas Bates and Martin Maechler},
  year = {2018},
  note = {R package version 1.2-14},
  url = {https://CRAN.R-project.org/package=Matrix},
}
@Manual{R-readr,
  title = {readr: Read Rectangular Text Data},
  author = {Hadley Wickham and Jim Hester and Romain Francois},
  year = {2017},
  note = {R package version 1.1.1},
  url = {https://CRAN.R-project.org/package=readr},
}
@Manual{R-readxl,
  title = {readxl: Read Excel Files},
  author = {Hadley Wickham and Jennifer Bryan},
  year = {2018},
  note = {R package version 1.1.0},
  url = {https://CRAN.R-project.org/package=readxl},
}
@Manual{R-tidyr,
  title = {tidyr: Easily Tidy Data with 'spread()' and 'gather()' Functions},
  author = {Hadley Wickham and Lionel Henry},
  year = {2019},
  note = {R package version 0.8.3},
  url = {https://CRAN.R-project.org/package=tidyr},
}
@Article{R-lmerTest,
  title = {{lmerTest} Package: Tests in Linear Mixed Effects Models},
  author = {Alexandra Kuznetsova and Per B. Brockhoff and Rune H. B. Christensen},
  journal = {Journal of Statistical Software},
  year = {2017},
  volume = {82},
  number = {13},
  pages = {1--26},
  doi = {10.18637/jss.v082.i13},
}
@Manual{R-forcats,
  title = {forcats: Tools for Working with Categorical Variables (Factors)},
  author = {Hadley Wickham},
  year = {2018},
  note = {R package version 0.3.0},
  url = {https://CRAN.R-project.org/package=forcats},
}
@Book{R-ggplot2,
  author = {Hadley Wickham},
  title = {ggplot2: Elegant Graphics for Data Analysis},
  publisher = {Springer-Verlag New York},
  year = {2016},
  isbn = {978-3-319-24277-4},
  url = {http://ggplot2.org},
}
@Manual{R-ggthemes,
  title = {ggthemes: Extra Themes, Scales and Geoms for 'ggplot2'},
  author = {Jeffrey B. Arnold},
  year = {2018},
  note = {R package version 4.0.1},
  url = {https://CRAN.R-project.org/package=ggthemes},
}
@Manual{R-here,
  title = {here: A Simpler Way to Find Your Files},
  author = {Kirill Müller},
  year = {2017},
  note = {R package version 0.1},
  url = {https://CRAN.R-project.org/package=here},
}
@Manual{R-kableExtra,
  title = {kableExtra: Construct Complex Table with 'kable' and Pipe Syntax},
  author = {Hao Zhu},
  year = {2018},
  note = {R package version 0.9.0},
  url = {https://CRAN.R-project.org/package=kableExtra},
}
@Book{R-knitr,
  title = {Dynamic Documents with {R} and knitr},
  author = {Yihui Xie},
  publisher = {Chapman and Hall/CRC},
  address = {Boca Raton, Florida},
  year = {2015},
  edition = {2nd},
  note = {ISBN 978-1498716963},
  url = {https://yihui.name/knitr/},
}
@Manual{R-purrr,
  title = {purrr: Functional Programming Tools},
  author = {Lionel Henry and Hadley Wickham},
  year = {2018},
  note = {R package version 0.2.5},
  url = {https://CRAN.R-project.org/package=purrr},
}
@Manual{R-stringr,
  title = {stringr: Simple, Consistent Wrappers for Common String Operations},
  author = {Hadley Wickham},
  year = {2019},
  note = {R package version 1.4.0},
  url = {https://CRAN.R-project.org/package=stringr},
}
@Manual{R-tibble,
  title = {tibble: Simple Data Frames},
  author = {Kirill Müller and Hadley Wickham},
  year = {2018},
  note = {R package version 1.4.2},
  url = {https://CRAN.R-project.org/package=tibble},
}
@Manual{R-tidyverse,
  title = {tidyverse: Easily Install and Load the 'Tidyverse'},
  author = {Hadley Wickham},
  year = {2017},
  note = {R package version 1.2.1},
  url = {https://CRAN.R-project.org/package=tidyverse},
}


@article{klein2014,
	Author = {Klein, Richard A and Ratliff, Kate A and Vianello, Michelangelo and Adams Jr, Reginald B and Bahn{\'i}k, {\v{S}}t{\v{e}}p{\'a}n and Bernstein, Michael J and Bocian, Konrad and Brandt, Mark J and Brooks, Beach and Brumbaugh, Claudia Chloe and ... and Nosek, Brian A},
	Date-Modified = {2019-03-07 16:47:05 -0800},
	Doi = {10.1027/1864-9335/a000178},
	Journal = {Social psychology},
	Pages = {142-152},
	Publisher = {Hogrefe Publishing},
	Title = {Investigating variation in replicability},
	Volume = {45},
	Year = {2014},
	Bdsk-Url-1 = {https://doi.org/10.1027/1864-9335/a000178}}
	
@article{open2015estimating,
	Author = {{Open Science Collaboration}},
	Doi = {10.1126/science.aac4716},
	Journal = {Science},
	Number = {6251},
	Pages = {aac4716},
	Publisher = {American Association for the Advancement of Science},
	Title = {Estimating the reproducibility of psychological science},
	Volume = {349},
	Year = {2015},
	Bdsk-Url-1 = {https://doi.org/10.1126/science.aac4716}}
	
@article{frank2017collaborative,
	Author = {Frank, Michael C and Bergelson, Elika and Bergmann, Christina and Cristia, Alejandrina and Floccia, Caroline and Gervain, Judit and Hamlin, J Kiley and Hannon, Erin E and Kline, Melissa and Levelt, Claartje and Lew‐Williams, Casey and Nazzi, Thierry and Panneton, Robin and Rabagliati, Hugh and Soderstrom, Melanie and Sullivan, Jessica and Waxman, Sandra and Yurovsky, Daniel},
	Date-Modified = {2019-03-07 16:44:10 -0800},
	Doi = {10.1111/infa.12182},
	Journal = {Infancy},
	Number = {4},
	Pages = {421--435},
	Publisher = {Wiley Online Library},
	Title = {A collaborative approach to infant research: Promoting reproducibility, best practices, and theory-building},
	Volume = {22},
	Year = {2017},
	Bdsk-Url-1 = {https://doi.org/10.1111/infa.12182}}
	
@article{cristia2016test,
  title={Test--retest reliability in infant speech perception tasks},
  author={Cristia, Alejandrina and Seidl, Amanda and Singh, Leher and Houston, Derek},
  journal={Infancy},
  volume={21},
  number={5},
  pages={648--667},
  year={2016},
  publisher={Wiley Online Library}
}

@article{cooper1990preference,
  title={Preference for infant-directed speech in the first month after birth},
  author={Cooper, Robin Panneton and Aslin, Richard N},
  journal={Child development},
  volume={61},
  number={5},
  pages={1584--1595},
  year={1990},
  publisher={Wiley Online Library}
}

@article{manybabies2020quantifying,
  title={Quantifying sources of variability in infancy research using the infant-directed-speech preference},
  author={ManyBabies Consortium},
  journal={Advances in Methods and Practices in Psychological Science},
  volume={3},
  number={1},
  pages={24--52},
  year={2020},
  publisher={SAGE Publications Sage CA: Los Angeles, CA}
}

@article{debolt2020robust,
  title={Robust data and power in infant research: A case study of the effect of number of infants and number of trials in visual preference procedures},
  author={DeBolt, Michaela C and Rhemtulla, Mijke and Oakes, Lisa M},
  journal={Infancy},
  volume={25},
  number={4},
  pages={393--419},
  year={2020},
  publisher={Wiley Online Library}
}

@article{santolin2021experience,
  title={Experience with research paradigms relates to infants’ direction of preference},
  author={Santolin, Chiara and Garcia-Castro, Gonzalo and Zettersten, Martin and Sebastian-Galles, Nuria and Saffran, Jenny R},
  journal={Infancy},
  volume={26},
  number={1},
  pages={39--46},
  year={2021},
  publisher={Wiley Online Library}
}

@article{byers2021multilab,
  title={A Multilab Study of Bilingual Infants: Exploring the Preference for Infant-Directed Speech},
  author={Byers-Heinlein, Krista and Tsui, Angeline Sin Mei and Bergmann, Christina and Black, Alexis K and Brown, Anna and Carbajal, Maria Julia and Durrant, Samantha and Fennell, Christopher T and Fi{\'e}vet, Anne-Caroline and Frank, Michael C and others},
  journal={Advances in Methods and Practices in Psychological Science},
  volume={4},
  number={1},
  pages={2515245920974622},
  year={2021},
  publisher={SAGE Publications Sage CA: Los Angeles, CA}
}

@article{byers2021development,
  title={The development of gaze following in monolingual and bilingual infants: A multi-laboratory study},
  author={Byers-Heinlein, Krista and Tsui, Rachel Ka-Ying and Van Renswoude, Daan and Black, Alexis K and Barr, Rachel and Brown, Anna and Colomer, Marc and Durrant, Samantha and Gampe, Anja and Gonzalez-Gomez, Nayeli and others},
  journal={Infancy},
  volume={26},
  number={1},
  pages={4--38},
  year={2021},
  publisher={Wiley Online Library}
}

@book{miller2017developmental,
  title={Developmental research methods},
  author={Miller, Scott A},
  year={2017},
  publisher={Sage publications}
}

@article{hedge2018reliability,
  title={The reliability paradox: Why robust cognitive tasks do not produce reliable individual differences},
  author={Hedge, Craig and Powell, Georgina and Sumner, Petroc},
  journal={Behavior research methods},
  volume={50},
  number={3},
  pages={1166--1186},
  year={2018},
  publisher={Springer}
}

@article{houston2007assessing,
  title={Assessing speech discrimination in individual infants},
  author={Houston, Derek M and Horn, David L and Qi, Rong and Ting, Jonathan Y and Gao, Sujuan},
  journal={Infancy},
  volume={12},
  number={2},
  pages={119--145},
  year={2007},
  publisher={Wiley Online Library}
}

@article{colombo1988infant,
  title={Infant visual attention in the paired-comparison paradigm: Test-retest and attention-performance relations},
  author={Colombo, John and Mitchell, D Wayne and Horowitz, Frances Degen},
  journal={Child development},
  pages={1198--1210},
  year={1988},
  publisher={JSTOR}
}

